@inproceedings{yoon2015richreview,
  title={Deployment of a Collaborative Multimodal Annotation System for Instructor Feedback and Peer Discussion},
  author={Yoon, Dongwook and Chen, Nicholas and Randles, Bernie and Cheatle, Amy and Loeckenhoff, Corinna E. and Jackson, Steven J. and Sellen, Abigail and  Guimbreti{\`e}re, Fran{\c{c}}ois},
  year={2015},
  note={submitted}
}

@inproceedings{rubin2013content,
  title={Content-based tools for editing audio stories},
  author={Rubin, Steve and Berthouzoz, Floraine and Mysore, Gautham J and Li, Wilmot and Agrawala, Maneesh},
  booktitle={Proceedings of the 26th annual ACM symposium on User interface software and technology},
  pages={113--122},
  year={2013},
  organization={ACM}
}

@inproceedings{yoon2014richreview,
  title={RichReview: blending ink, speech, and gesture to support collaborative document review},
  author={Yoon, Dongwook and Chen, Nicholas and Guimbreti{\`e}re, Fran{\c{c}}ois and Sellen, Abigail},
  booktitle={Proceedings of the 27th annual ACM symposium on User interface software and technology},
  pages={481--490},
  year={2014},
  organization={ACM}
}

@article{chi2014icap,
  title={The ICAP framework: Linking cognitive engagement to active learning outcomes},
  author={Chi, Michelene TH and Wylie, Ruth},
  journal={Educational Psychologist},
  volume={49},
  number={4},
  pages={219--243},
  year={2014},
  publisher={Taylor \& Francis}
}



@inproceedings{Zellweger:2001:FAO:504216.504224,
 author = {Zellweger, Polle T. and Bouvin, Niels Olof and Jeh{\o}j, Henning and Mackinlay, Jock D.},
 title = {Fluid annotations in an open world},
 booktitle = {Proc. Hypertext 2001},
 year = {2001},
 pages = {9--18},
 publisher = {ACM Press},
}
 
@article{nicol2003peer,
  title={Peer instruction versus class-wide discussion in large classes: a comparison of two interaction methods in the wired classroom},
  author={Nicol, David J and Boyle, James T},
  journal={Studies in Higher Education},
  volume={28},
  number={4},
  pages={457--473},
  year={2003},
  publisher={Taylor \& Francis}
}

@article{smith2009peer,
  title={Why peer discussion improves student performance on in-class concept questions},
  author={Smith, Michelle K and Wood, William B and Adams, Wendy K and Wieman, Carl and Knight, Jennifer K and Guild, Nancy and Su, Tin Tin},
  journal={Science},
  volume={323},
  number={5910},
  pages={122--124},
  year={2009},
  publisher={American Association for the Advancement of Science}
}


@article{ethics,
  title = {{Social Impacts of Computing: Codes of Professional Ethics}},
  author = {Ronald E. Anderson},
  doi = "10.1177/089443939201000402",
  journal = "Social Science Computer Review December",
  year = 1992,
  volume = 10,
  number = 4,
  pages = "453-469"
}

@misc{acm_categories,
  key = "association",
  title = {{How to Classify Works Using ACM's Computing Classification System}},
  note = {\url{http://www.acm.org/class/how_to_use.html}},
}

@inproceedings{Klemmer:2002:WSC:503376.503378,
 author = {Klemmer, Scott R. and Thomsen, Michael and Phelps-Goodman, Ethan and Lee, Robert and Landay, James A.},
 title = {Where do web sites come from?: capturing and interacting with design history},
 booktitle = {Proc. CHI 2002},
 year = {2002},
 pages = {1--8},
 publisher = {ACM Press},
}

@inproceedings{Mather:2000:MUT,
  title = {Making up titles for conference papers},
  author = {Mather, B. D.},
  booktitle = {Ext. Abstracts CHI 2000},
  year = 2000,
  publisher = "ACM Press",
  pages = "1-2",
}

@book{Schwartz:1995:GBF,
  title = {{Guidelines for Bias-Free Writing}},
  author = {Schwartz, Marilyn},
  publisher = {Indiana University Press},
  location = {Bloomington, IN, USA},
  year = 1995,
}

@inproceedings{13Mitros6002,
  added-at = {2013-08-26T00:00:00.000+0200},
  author = {Mitros, P and Affidi, K and Sussman, G and Terman, C and White, J and Fischer, L and Agarwal, A},
  biburl = {http://www.bibsonomy.org/bibtex/2fee91370375c9c932506b05c80979958/dblp},
  booktitle = {ISCAS},
  ee = {http://dx.doi.org/10.1109/ISCAS.2013.6572451},
  interhash = {6fed62e595b00d741767f085672b8247},
  intrahash = {fee91370375c9c932506b05c80979958},
  isbn = {978-1-4673-5760-9},
  keywords = {dblp},
  pages = {2763-2766},
  publisher = {IEEE},
  timestamp = {2013-08-26T00:00:00.000+0200},
  title = {Teaching electronic circuits online: Lessons from {MIT}x's 6.002x on ed{X}.},
  year = 2013
}

@article{linc,
    author  = "P Mitros and V Paruchuri", 
    title   = "An Integrated Framework for the Grading of Freeform Responses",
    year    = "2013",
    journal = "The Sixth Conference of MIT's Learning International Networks Consortium"
}
